<?xml version="1.0" encoding="UTF-8"?><collection xmlns="http://www.loc.gov/MARC21/slim"><record><leader>00522nam--2200169-i-4500</leader><controlfield tag="001">000019582</controlfield><controlfield tag="002">20161230</controlfield><controlfield tag="005">20170113010158</controlfield><controlfield tag="008">060222s1000------------r-----000-0-eng-d</controlfield><datafield ind1=" " ind2=" " tag="080"><subfield code="a">621.791(061.3):539.124.18(061.3)</subfield></datafield><datafield ind1=" " ind2=" " tag="245"><subfield code="a">3rd Electron Beam Processing Seminar Proceedings. March 1974 Strafford-Upon-Avon, England</subfield></datafield><datafield ind1=" " ind2=" " tag="260"><subfield code="a">Dayton, Ohio</subfield><subfield code="b">Universal Technology Corporation</subfield><subfield code="c">1974</subfield></datafield><datafield ind1=" " ind2=" " tag="300"><subfield code="a">816 + C 15 p</subfield></datafield><datafield ind1=" " ind2=" " tag="490"><subfield code="a">Proceedings</subfield></datafield><datafield ind1=" " ind2=" " tag="700"><subfield code="a">Silva, Robert M</subfield></datafield><datafield ind1=" " ind2=" " tag="852"><subfield code="a">42682</subfield></datafield><datafield ind1=" " ind2=" " tag="CAT"><subfield code="a">SYS</subfield><subfield code="c">20170113</subfield><subfield code="h">010158</subfield></datafield></record></collection>